%% LaTeX2e file `usenix2021_SOUPS.bib'
%% generated by the `filecontents' environment
%% from source `usenix2021_SOUPS' on 2021/05/20.
%%
%-------------------------------------------------------------------------------
@inproceedings {197318,
author = {Shrirang Mare and Mary Baker and Jeremy Gummeson},
title = {A Study of Authentication in Daily Life},
booktitle = {Twelfth Symposium on Usable Privacy and Security (SOUPS 2016)},
year = {2016},
isbn = {978-1-931971-31-7},
address = {Denver, CO},
pages = {189--206},
url = {https://www.usenix.org/conference/soups2016/technical-sessions/presentation/mare},
publisher = {USENIX Association},
month = jun,
}

@article{lillegaard,
author = {Lillegaard, Inger and LÃ¸ken, E and Andersen, Lene},
year = {2007},
month = {02},
pages = {61-8},
title = {Relative validation of a pre-coded food diary among children, under-reporting varies with reporting day and time of the day},
volume = {61},
journal = {European journal of clinical nutrition},
doi = {10.1038/sj.ejcn.1602487}
}